@phdthesis{norell:thesis,
  author  = {Ulf Norell},
  title	  = {Towards a practical programming language based on dependent type
	     theory},
  school  = {Department of Computer Science and Engineering, Chalmers University of Technology},
  year	  = 2007,
  month	  = {September},
  address = {SE-412 96 G\"{o}teborg, Sweden}
}
@article{two-new-series,
	title = {Two New Series of Principles in the Interpretability Logic of All Reasonable Arithmetical Theories},
	volume = {85},
	number = {1},
	journal = {Journal of Symbolic Logic},
	pages = {1--25},
	author = {Evan Goris and Joost J. Joosten},
	doi = {10.1017/jsl.2019.90},
	year = {2020}
}
@article{Mikec-Vukovic-20,
    author = "L. Mikec and M. Vuković",
    title = "Interpretability logics and generalised {V}eltman semantics",
    journal = "Accepted for publication in The Journal of Symbolic Logic",
    url = {https://arxiv.org/abs/1907.03849 (preprint version)},
    year = {to appear},
}
@article{modal-matters,
    author = {Goris, E. and Joosten, J. J.},
    title = "{Modal Matters for Interpretability Logics}",
    journal = {Logic Journal of the IGPL},
    volume = {16},
    number = {4},
    pages = {371-412},
    year = {2008},
    month = {08},
    issn = {1367-0751},
    doi = {10.1093/jigpal/jzn013},
    url = {https://doi.org/10.1093/jigpal/jzn013},
    eprint = {https://academic.oup.com/jigpal/article-pdf/16/4/371/2055430/jzn013.pdf},
}
@article{agda-stdlib,
  title={The Agda standard library},
  author={Danielsson, Nils Anders and Norell, Ulf and Mu, SC and Bronson, S and
                  Doel, D and Jansson, P and Chen, LT et al},
  url={https://github.com/agda/agda-stdlib},
  year={2020}
}
@Book{plfa2019,
  author = {Philip Wadler and Wen Kokke},
  title  = {Programming Language Foundations in {A}gda},
  note   = {Available at \url{http://plfa.inf.ed.ac.uk/}},
  year   = 2019,
}
@misc{agda-doc,
  title  = {Agda's documentation},
  year = 2020,
  howpublished = "\url{https://agda.readthedocs.io/en/latest/}"
}
@mastersthesis{joosten-master,
 author = "J.J. Joosten",
 title = "Towards the interpretability logic of all reasonable arithmetical
theories",
 school = "University of Amsterdam",
 year = "1998"}

@unpublished{Verbrugge,
author="Verbrugge, L.C.",
title ={Verzamelingen-Veltman frames en modellen (Set Veltman frames and models)},
note ={Unpublished manuscript},
year ={1992}}

@article{a-new-principle,
    author = {Goris, E. and Joosten, J. J.},
     title = {A new principle in the interpretability logic of all
              reasonable arithmetical theories},
   journal = {Logic Journal of the IGPL},
  fjournaL = {Logic Journal of the IGPL. Interest Group in Pure and Applied Logics},
    volume = {19},
      year = {2011},
    number = {1},
     pages = {14--17}
}
@phdthesis{interpretability-formalized,
author={Joosten, J. J.},
title={Interpretability Formalized},
school={Utrecht University},
publisher={Department of Philosophy, University of Utrecht},
isbn={90-393-3869-8},
year={2004},
}

@article{wadler2015propositions,
  title={Propositions as types},
  author={Wadler, Philip},
  journal={Communications of the ACM},
  volume={58},
  number={12},
  pages={75--84},
  year={2015},
  publisher={ACM New York, NY, USA}
}

@mastersthesis{MasRovira:2020:MastersThesis,
author={Mas Rovira, J.},
title={{I}nterpretability {L}ogics and {G}eneralised {V}eltman {S}emantics in {A}gda},
school={Master in Pure and Applied Logic, University of Barcelona},
organization={University of Barcelona},
year={forthcoming, 2020},
url={http://diposit.ub.edu/dspace/handle/2445/133559},
}

@article{GorisJoosten:2011:ANewPrinciple,
    AUTHOR = {Goris, E. and Joosten, J.J.},
     TITLE = {A new principle in the interpretability logic of all
              reasonable arithmetical theories},
   JOURNAL = {Logic Journal of the IGPL},
  FJOURNAL = {Logic Journal of the IGPL. Interest Group in Pure and Applied Logics},
    VOLUME = {19},
      YEAR = {2011},
    NUMBER = {1},
     PAGES = {14--17},
}
@book{martin1984intuitionistic,
  title={Intuitionistic type theory},
  author={Martin-L{\"o}f, Per and Sambin, Giovanni},
  volume={9},
  year={1984},
  publisher={Bibliopolis Naples}
}
@misc{agda:universe-levels,
      title  ={Agda documentation on universe levels},
      author= {},
      url    = "https://agda.readthedocs.io/en/latest/language/universe-levels.html",
      year   = "2020"
 }

@InCollection{JaparidzeJongh:1998:HandbookPaper,
  author = 	 "Japaridze, G. and {de} Jongh, D.",
  title = 	 "The logic of provability",
  booktitle =	 "Handbook of proof theory",
  publisher =	 "North-Holland Publishing Co.",
  year =	 "1998",
  editor =	 "Buss, S.",
  pages =	 "475--546",
  OPTaddress = 	 "",
  address  = "Amsterdam"
}
@article{visser1997overview,
  title={An overview of interpretability logic},
  author={Visser, Albert},
  journal={Logic Group Preprint Series},
  volume={174},
  year={1997}
}
@misc{joosten2020overview,
    title={An overview of Generalised Veltman Semantics},
    author={Joost J. Joosten and Jan Mas Rovira and Luka Mikec and Mladen Vuković},
    year={2020},
    eprint={2007.04722},
    url={https://arxiv.org/abs/2007.04722},
    archivePrefix={arXiv},
    primaryClass={math.LO}
}
@article{il-peano,
	journal = {Journal of Symbolic Logic},
	number = {3},
	year = {1990},
	publisher = {Association for Symbolic Logic},
	title = {The Interpretability Logic of Peano Arithmetic},
	doi = {10.2307/2274474},
	volume = {55},
	pages = {1059--1089},
	author = {Alessandro Berarducci}
}